% !TEX encoding = UTF-8
% !TEX spellcheck = de_DE
% Encoding: UTF-8


@Comment{jabref-meta: databaseType:biblatex;}


@online{Cite1,
	author = {Test},
	title = {Lorem},
	date = {2017-09-18},
	url = {http://example.com/test.jpg},
}


@misc{Cite2,
	author    = {Lorem Ipsum},
	title     = {omni dolor},
	howpublished = {CAD Data},
	date     = {2018-02-14},
}

@misc{Cite3,
	author    = {Citation 3},
	title     = {omni awdwdqfr},
	howpublished = {Magic},
	date     = {2018-02-14},
}
